@misc{python,
    title = {Python programming language, version 3.5},
    author = {Python Language Foundation},
    howpublished = "\url{https://python.org}",
    year = {2019},
}

 @Manual{R,
    title = {R: A Language and Environment for Statistical Computing},
    author = {{R Core Team}},
    organization = {R Foundation for Statistical Computing},
    address = {Vienna, Austria},
    year = {2019},
    url = {https://www.R-project.org/},
  }

@misc{EVEsite,
    title = {{EVE Online Official Website}},
    author = {CCP Games},
    year = {2019},
    address = {Reykjavik, Iceland},
    howpublished = "\url{https://eveonline.com}",
}

@misc{MERdec2018,
    title = {{Monthly Economic Report - December 2018}},
    author = {CCP Larrikin},
    year = {2018},
    journal = {EVE Online Official Website},
    howpublished = "\url{https://www.eveonline.com/article/pkyphk/monthly-economic-report-december-2018}",
}

@misc{EVEcount,
    title = {{EVE-Offline: EVE-Online Status Monitor}},
    author = {OMG Labs},
    year = {2019},
    howpublished = "\url{https://eve-offline.net/?server=tranquility}",
}

@misc{EVEalliances,
    title = {{EVE Online Coalitions}},
    author = "Chuggi and Amatin, Rischwa",
    year = {2019},
    howpublished = "\url{http://coalitionsin.space/}",
}

@misc{EVEmap,
    title = {{EVEOGANDA: New Eden Vector Map}},
    author = "Javix, Rixx",
    year = {2015},
    howpublished = "\url{http://eveoganda.blogspot.com/2015/10/new-eden-vector-map.html}",
}

@misc{officialBR5RB,
    title = {{The Bloodbath of B-R5RB, Gaming's Most Destructive 
    Battle Ever}},
    author = {CCP Dolan},
    journal = {EVE Online Official Website},
    year = {2014},
    howpublished = "\url{https://www.eveonline.com/article/the-bloodbath-of-b-r5rb}",
}

@Book{ggplot2,
    author = {Hadley Wickham},
    title = {ggplot2: Elegant Graphics for Data Analysis},
    publisher = {Springer-Verlag New York},
    year = {2016},
    isbn = {978-3-319-24277-4},
    url = {https://ggplot2.tidyverse.org},
}

@Manual{tidyverse,
    title = {tidyverse: Easily Install and Load the 'Tidyverse'},
    author = {Hadley Wickham},
    year = {2017},
    note = {R package version 1.2.1},
    url = {https://CRAN.R-project.org/package=tidyverse},
}

@misc{prowler,
    title = {{Prowler (Minmatar Republic Blockade Runner)}},
    author = {{EVE Online Ships}},
    year = {2019},
    howpublished = "\url{https://www.eveonlineships.com/eve-ship-database.php?es=Prowler&ids=12735}",
}

@misc{avatar,
    title = {{Avatar}},
    author = {{EVE Wiki}},
    year = {2019},
    howpublished = "\url{https://eve.fandom.com/wiki/Avatar}",
}